@article{sadasiv1988arithmetic,
  title     = {The arithmetic Fourier transform},
  author    = {Sadasiv, G},
  journal   = {IEEE ASSP Magazine},
  volume    = {5},
  number    = {1},
  pages     = {13--17},
  year      = {1988},
  publisher = {IEEE}
}
