@article{sadasiv1988arithmetic,
  title     = {The arithmetic Fourier transform},
  author    = {Sadasiv, G},
  journal   = {IEEE ASSP Magazine},
  volume    = {5},
  number    = {1},
  pages     = {13--17},
  year      = {1988},
  publisher = {IEEE}
}

@article{10.1117/1.3591951,
author = {Chunmin Zhang and Haiying Wu and Jie Li},
title = {{Fourier transform hyperspectral imaging polarimeter for remote sensing}},
volume = {50},
journal = {Optical Engineering},
number = {6},
publisher = {SPIE},
pages = {066201},
keywords = {Fourier transform optics, interference (signal), light polarisation, remote sensing by laser beam, Polarization, Polarimetry, Fourier transforms, Remote sensing, Spectroscopy, Hyperspectral imaging, Spectral resolution, Sensors, Modulation, Modulators},
year = {2011},
doi = {10.1117/1.3591951},
URL = {https://doi.org/10.1117/1.3591951}
}
